<?xml version="1.0" encoding="UTF-8"?><collection xmlns="http://www.loc.gov/MARC21/slim"><record><leader>00500nam--2200181-i-4500</leader><controlfield tag="001">000033017</controlfield><controlfield tag="002">20161230</controlfield><controlfield tag="005">20161230201039</controlfield><controlfield tag="008">060222s1000------------r-----000-0-rum-d</controlfield><datafield ind1=" " ind2=" " tag="040"><subfield code="a">IFIN-HH</subfield></datafield><datafield ind1=" " ind2=" " tag="041"><subfield code="a">rum</subfield></datafield><datafield ind1=" " ind2=" " tag="080"><subfield code="a">530.182(043)</subfield></datafield><datafield ind1="1" ind2=" " tag="100"><subfield code="a">Mihalache, Dumitru</subfield></datafield><datafield ind1="1" ind2="0" tag="245"><subfield code="a">Studiul interactiei coerente cu unele sisteme atomice. teza</subfield><subfield code="c">Dumitru mihalache</subfield></datafield><datafield ind1=" " ind2=" " tag="260"><subfield code="a">Bucuresti</subfield><subfield code="b">Institutul Central De Fizica</subfield><subfield code="c">1986</subfield></datafield><datafield ind1=" " ind2=" " tag="300"><subfield code="a">107P</subfield></datafield><datafield ind1=" " ind2=" " tag="852"><subfield code="a">73550</subfield><subfield code="c">535</subfield></datafield><datafield ind1=" " ind2=" " tag="CAT"><subfield code="a">Sys</subfield><subfield code="c">20101125</subfield><subfield code="h">135613</subfield></datafield></record></collection>